<?xml version="1.0" encoding="UTF-8"?><collection xmlns="http://www.loc.gov/MARC21/slim"><record><leader>00531nam--2200181-i-4500</leader><controlfield tag="001">000020494</controlfield><controlfield tag="002">20161230</controlfield><controlfield tag="005">20161230201033</controlfield><controlfield tag="008">060222s1000------------r-----000-0-eng-d</controlfield><datafield ind1=" " ind2=" " tag="040"><subfield code="a">IFIN-HH</subfield></datafield><datafield ind1=" " ind2=" " tag="080"><subfield code="a">621.375.826</subfield></datafield><datafield ind1="1" ind2=" " tag="100"><subfield code="a">Kaiser, W</subfield></datafield><datafield ind1="1" ind2="0" tag="245"><subfield code="a">Topics in applied physics. vol. 60. ultrashort laser pulses. generation and applications</subfield><subfield code="c">W. kaiser (ed.)</subfield></datafield><datafield ind1=" " ind2=" " tag="260"><subfield code="a">Berlin</subfield><subfield code="b">Springer-verlag</subfield><subfield code="c">1993</subfield></datafield><datafield ind1=" " ind2=" " tag="300"><subfield code="a">XVI+492 P</subfield></datafield><datafield ind1=" " ind2=" " tag="490"><subfield code="a">Topics In Applied Physics, 60</subfield></datafield><datafield ind1=" " ind2=" " tag="852"><subfield code="a">40951</subfield><subfield code="c">53</subfield></datafield><datafield ind1=" " ind2=" " tag="CAT"><subfield code="a">Sys</subfield><subfield code="c">20150318</subfield><subfield code="h">123916</subfield></datafield></record></collection>